<record><leader>00000cas a22000007a 4500</leader><controlfield tag="001">15188069</controlfield><controlfield tag="008">870212d1938197uinuwr ne      0    0eng d</controlfield><datafield ind1=" " ind2=" " tag="010"><subfield code="a">sn 87055309 </subfield></datafield><datafield ind1=" " ind2=" " tag="040"><subfield code="a">NPI</subfield><subfield code="b">eng</subfield><subfield code="c">NPI</subfield><subfield code="d">OCLCQ</subfield></datafield><datafield ind1=" " ind2=" " tag="042"><subfield code="a">msc</subfield></datafield><datafield ind1="0" ind2="0" tag="245"><subfield code="a">Wolcott beacon.</subfield></datafield><datafield ind1="1" ind2="3" tag="246"><subfield code="a">Wolcott White County beacon</subfield></datafield><datafield ind1=" " ind2=" " tag="260"><subfield code="a">Wolcott, White County, Ind. :</subfield><subfield code="b">C.O. Blackerby</subfield></datafield><datafield ind1=" " ind2=" " tag="310"><subfield code="a">Weekly</subfield></datafield><datafield ind1="1" ind2=" " tag="362"><subfield code="a">Began in 1938.</subfield></datafield><datafield ind1=" " ind2=" " tag="500"><subfield code="a">"Wolcott (White County)" in title ornament, &lt;Sept. 14, 1967-Dec. 7, 1967&gt;.</subfield></datafield><datafield ind1=" " ind2=" " tag="515"><subfield code="a">Numbering is irregular; Feb. 4, 1954 issue is numbered Vol. 1, no. 39.</subfield></datafield><datafield ind1=" " ind2=" " tag="588"><subfield code="a">Description based on: Vol. 8, no. 10 (Oct. 19, 1944).</subfield></datafield><datafield ind1=" " ind2=" " tag="752"><subfield code="a">United States</subfield><subfield code="b">Indiana</subfield><subfield code="c">White</subfield><subfield code="d">Wolcott.</subfield></datafield><datafield ind1="0" ind2="0" tag="780"><subfield code="t">Wolcott enterprise</subfield><subfield code="w">(DLC)sn 87055327</subfield></datafield></record>